@article{ankan2024,
  author  = {Ankur Ankan and Johannes Textor},
  title   = {pgmpy: A {P}ython Toolkit for {B}ayesian Networks},
  journal = {Journal of Machine Learning Research},
  year    = {2024},
  volume  = {25},
  number  = {265},
  pages   = {1--8},
  url     = {http://jmlr.org/papers/v25/23-0487.html}
}

@misc{ariadne2022,
  author       = {{Ariadne Project}},
  title        = {Strengthening the {EU} Emissions Trading System ({ETS}): Summary of workshop discussions},
  year         = {2022},
  note         = {Ariadne Documentation},
  url          = {https://ariadneprojekt.de/media/2023/01/Ariadne-Documentation_ETSWorkshopBruessel_December2022.pdf}
}

@online{bayesfusion,
  author       = {{BayesFusion}},
  title        = {{GeNIe} Modeler},
  year         = {n.d.},
  url          = {https://www.bayesfusion.com/genie/},
  note         = {Accessed: 2025-04-24}
}

@inbook{bengal2008,
author = {Ben-Gal, Irad},
publisher = {John Wiley \& Sons, Ltd},
isbn = {9780470061572},
title = {Bayesian Networks},
booktitle = {Encyclopedia of Statistics in Quality and Reliability},
chapter = {},
pages = {},
doi = {https://doi.org/10.1002/9780470061572.eqr089},
year = {2008}
}

@article{beuzen2018,
  author    = {Beuzen, T. and Marshall, L. and Splinter, K. D.},
  title     = {A comparison of methods for discretizing continuous variables in {B}ayesian networks},
  journal   = {Environmental Modelling \& Software},
  volume    = {108},
  pages     = {61--66},
  year      = {2018},
  doi       = {10.1016/j.envsoft.2018.07.007},
  url       = {https://doi.org/10.1016/j.envsoft.2018.07.007}
}

@article{bilan2018,
  author    = {Bilan, Y. and Gedek, S. and Mentel, G.},
  title     = {The Analysis of Oil Price and Ruble Exchange Rate},
  journal   = {Transformations in Business \& Economics},
  volume    = {17},
  number    = {3 (45)},
  pages     = {195--205},
  year      = {2018},
  url       = {https://www.researchgate.net/publication/329169994_The_Analysis_of_Oil_Price_and_Ruble_Exchange_Rate}
}

@misc{bloomberg2021,
  author    = {{Bloomberg}},
  title     = {Pan-European High Yield Index description},
  year      = {2021},
  month     = aug,
  url       = {https://assets.bbhub.io/professional/sites/27/Pan-European-High-Yield-Index.pdf}
}

@misc{bloomberg2023,
  author    = {{Bloomberg}},
  title     = {Euro Aggregate Index description},
  year      = {2023},
  month     = dec,
  url       = {https://assets.bbhub.io/professional/sites/27/Euro-Aggregate-Index.pdf}
}

@article{borghesi2023,
  author    = {Borghesi, S. and Pahle, M. and Perino, G. and Quemin, S. and Willner, M.},
  title     = {The market stability reserve in the {EU} emissions trading system: a critical review},
  journal   = {Annual Review of Resource Economics},
  volume    = {15},
  pages     = {131--152},
  year      = {2023},
  url       = {https://eprints.lse.ac.uk/120548/}
}

@misc{chickering2013,
  author    = {Chickering, D. M.},
  title     = {Learning equivalence classes of {B}ayesian networks structures},
  year      = {2013},
  eprint    = {1302.3566},
  archivePrefix = {arXiv},
  primaryClass = {cs.LG},
  url       = {https://arxiv.org/abs/1302.3566}
}

@article{colombo2014,
  author    = {Colombo, D. and Maathuis, M. H.},
  title     = {Order-independent constraint-based causal structure learning},
  journal   = {Journal of Machine Learning Research},
  volume    = {15},
  number    = {116},
  pages     = {3921--3962},
  year      = {2014},
  url       = {http://jmlr.org/papers/v15/colombo14a.html}
}

@misc{ec_ets,
  author    = {{European Commission}},
  title     = {{EU} emissions trading system ({EU ETS})},
  url       = {https://climate.ec.europa.eu/eu-action/eu-emissions-trading-system-eu-ets_en},
  note      = {Accessed: 2025-04-24}
}

@misc{eea,
  author    = {{European Environment Agency}},
  title     = {{EU} emissions trading system ({EU ETS}) data viewer: Explore emissions and allowances},
  url       = {https://www.eea.europa.eu/en/analysis/maps-and-charts/emissions-trading-viewer-1-dashboards},
  note      = {Accessed: 2025-04-24}
}

@misc{esma2024,
  author    = {{European Securities and Markets Authority}},
  shortauthor  = {ESMA},
  title     = {Carbon markets report 2024},
  year      = {2024},
  month     = oct,
  url       = {https://www.esma.europa.eu/sites/default/files/2024-10/ESMA50-43599798-10379_Carbon_markets_report_2024.pdf}
}

@article{hailemariam2022,
  author    = {Hailemariam, A. and Ivanovski, K. and Dzhumashev, R.},
  title     = {Does {R\&D} investment in renewable energy technologies reduce greenhouse gas emissions?},
  journal   = {Applied Energy},
  volume    = {327},
  pages     = {120056},
  year      = {2022},
  doi       = {10.1016/j.apenergy.2022.120056}
}

@article{hanif2021,
  author    = {Hanif, W. and Hernandez, J. A. and Mensi, W. and Kang, S. H. and Uddin, G. S. and Yoon, S.-M.},
  title     = {Nonlinear dependence and connectedness between clean/renewable energy sector equity and {European} emission allowance prices},
  journal   = {Energy Economics},
  volume    = {101},
  pages     = {105409},
  year      = {2021},
  doi       = {10.1016/j.eneco.2021.105409}
}

@misc{icis2020,
  author    = {{ICIS}},
  title     = {The {EUA} market: Understanding price formation and risks in the {EU ETS}},
  year      = {2020},
  month     = nov
}

@article{kitson2023,
  author    = {Kitson, N. K. and Constantinou, A. C. and Guo, Z. and Liu, Y. and Chobtham, K.},
  title     = {A survey of {B}ayesian network structure learning},
  journal   = {Artificial Intelligence Review},
  volume    = {56},
  pages     = {8721--8814},
  year      = {2023},
  doi       = {10.1007/s10462-022-10351-w}
}

@article{koch2014,
  author    = {Koch, N. and Fuss, S. and Grosjean, G. and Edenhofer, O.},
  title     = {Causes of the {EU ETS} price drop: Recession, {CDM}, renewable policies or a bit of everything?—New evidence},
  journal   = {Energy Policy},
  volume    = {73},
  pages     = {676--685},
  year      = {2014},
  doi       = {10.1016/j.enpol.2014.06.024}
}

@book{koller2009,
  author    = {Koller, D. and Friedman, N.},
  title     = {Probabilistic Graphical Models: Principles and Techniques},
  year      = {2009},
  publisher = {MIT Press}
}

@article{leitao2021,
  author    = {Leitao, J. and Ferreira, J. and Santibanez-Gonzalez, E.},
  title     = {Green bonds, sustainable development and environmental policy in the {European Union} carbon market},
  journal   = {Business Strategy and the Environment},
  volume    = {30},
  number    = {4},
  pages     = {2077--2090},
  year      = {2021},
  doi       = {10.1002/bse.2733}
}

@article{lovcha2021,
  author    = {Lovcha, Y. and Perez-Laborda, A. and Sikora, I.},
  title     = {The determinants of {CO2} prices in the {EU} emission trading system},
  journal   = {Applied Energy},
  volume    = {305},
  pages     = {117903},
  year      = {2021},
  doi       = {10.1016/j.apenergy.2021.117903}
}

@phdthesis{murphy2002,
  author    = {Murphy, K. P.},
  title     = {Dynamic {B}ayesian Networks: Representation, Inference and Learning},
  year      = {2002},
  school    = {University of California, Berkeley}
}

@article{nojavan2017,
  author    = {Nojavan, F. A. and Qian, S. S. and Stow, C. A.},
  title     = {Comparative analysis of discretization methods in {B}ayesian networks},
  journal   = {Environmental Modelling \& Software},
  volume    = {87},
  pages     = {64--71},
  year      = {2017},
  doi       = {10.1016/j.envsoft.2016.10.007}
}

@book{pearl2014,
  author    = {Pearl, J.},
  title     = {Probabilistic Reasoning in Intelligent Systems: Networks of Plausible Inference},
  publisher = {Elsevier},
  year      = {2014}
}

@misc{pena2022,
  author    = {Peña, J. I. and Rodriguez, R.},
  title     = {Are {EU} Climate and Energy Package 20-20-20 targets achievable and compatible? Evidence from the impact of renewables on electricity prices},
  year      = {2022},
  eprint    = {2202.01720},
  archivePrefix = {arXiv},
  primaryClass = {econ.GN},
  url       = {https://doi.org/10.48550/arXiv.2202.01720}
}

@book{ruppert2015,
  author    = {Ruppert, D. and Matteson, D.},
  title     = {Statistics and Data Analysis for Financial Engineering},
  edition   = {2},
  publisher = {Springer},
  year      = {2015},
  url       = {https://link.springer.com/book/10.1007/978-1-4939-2614-5}
}

@article{salvagnin2024,
  author    = {Salvagnin, C. and Glielmo, A. and De Giuli, M. E. and Mira, A.},
  title     = {Investigating the price determinants of the {E}uropean Emission Trading System: A non-parametric approach},
  journal   = {Quantitative Finance},
  year      = {2024},
  doi       = {10.1080/14697688.2024.2407895}
}

@article{scutari2013,
  author    = {Scutari, M. and Nagarajan, R.},
  title     = {Identifying significant edges in graphical models of molecular networks},
  journal   = {Artificial Intelligence in Medicine},
  volume    = {57},
  number    = {3},
  pages     = {207--217},
  year      = {2013},
  doi       = {10.1016/j.artmed.2012.12.006}
}

@article{scutari2019,
  author    = {Scutari, M. and Graafland, C. E. and Gutiérrez, J. M.},
  title     = {Who learns better {B}ayesian network structures: Accuracy and speed of structure learning algorithms},
  journal   = {International Journal of Approximate Reasoning},
  volume    = {115},
  pages     = {235--253},
  year      = {2019},
  doi       = {10.1016/j.ijar.2019.10.003}
}

@article{tan2017,
  author    = {Tan, X.-P. and Wang, X.-Y.},
  title     = {Dependence changes between the carbon price and its fundamentals: A quantile regression approach},
  journal   = {Applied Energy},
  volume    = {190},
  pages     = {306--325},
  year      = {2017},
  doi       = {10.1016/j.apenergy.2016.12.116}
}

@misc{terranova2024,
  author    = {Terranova, R. and Cozzarini, C. and Reissl, S. and Tavoni, M.},
  title     = {Detecting speculation in the market for {EU} emission allowances},
  year      = {2024},
  month     = nov,
  day       = {22},
  url       = {https://doi.org/10.2139/ssrn.5030260}
}

@article{wang2020,
  author    = {Wang, Z. and Zhao, L.},
  title     = {The impact of the global stock and energy market on {EU ETS}: A structural equation modelling approach},
  journal   = {Journal of Cleaner Production},
  volume    = {289},
  pages     = {125140},
  year      = {2020},
  doi       = {10.1016/j.jclepro.2020.125140}
}

@article{zheng2021,
  author    = {Zheng, Y. and Yin, H. and Zhou, M. and Liu, W. and Wen, F.},
  title     = {Impacts of oil shocks on the {EU} carbon emissions allowances under different market conditions},
  journal   = {Energy Economics},
  volume    = {104},
  pages     = {105683},
  year      = {2021},
  doi       = {10.1016/j.eneco.2021.105683}
}
